<record><leader>00000cas a22000007a 4500</leader><controlfield tag="001">32989152</controlfield><controlfield tag="008">950815d19381954okuwr n       0    0eng d</controlfield><datafield ind1=" " ind2=" " tag="010"><subfield code="a">sn 95076104 </subfield></datafield><datafield ind1=" " ind2=" " tag="040"><subfield code="a">OBN</subfield><subfield code="b">eng</subfield><subfield code="c">OBN</subfield><subfield code="d">OCLCQ</subfield><subfield code="d">OCLCF</subfield><subfield code="d">OCLCO</subfield></datafield><datafield ind1="1" ind2=" " tag="029"><subfield code="a">AU@</subfield><subfield code="b">000025852679</subfield></datafield><datafield ind1=" " ind2=" " tag="042"><subfield code="a">msc</subfield></datafield><datafield ind1=" " ind2=" " tag="043"><subfield code="a">n-us-ok</subfield></datafield><datafield ind1="0" ind2="4" tag="245"><subfield code="a">The Vian tribune.</subfield></datafield><datafield ind1=" " ind2=" " tag="260"><subfield code="a">Vian, Sequoyah County, Okla. :</subfield><subfield code="b">Ross F. Reavis</subfield></datafield><datafield ind1=" " ind2=" " tag="300"><subfield code="a">v.</subfield></datafield><datafield ind1=" " ind2=" " tag="310"><subfield code="a">Weekly</subfield></datafield><datafield ind1="1" ind2=" " tag="362"><subfield code="a">Began Oct. 6, 1938; ceased in 1954.</subfield></datafield><datafield ind1=" " ind2=" " tag="588"><subfield code="a">Description based on: Vol. 9, no. 45 (Aug. 21, 1947).</subfield></datafield><datafield ind1=" " ind2="0" tag="651"><subfield code="a">Vian (Okla.)</subfield><subfield code="v">Newspapers.</subfield></datafield><datafield ind1=" " ind2="0" tag="651"><subfield code="a">Sequoyah County (Okla.)</subfield><subfield code="v">Newspapers.</subfield></datafield><datafield ind1=" " ind2="7" tag="655"><subfield code="a">Newspapers.</subfield><subfield code="2">fast</subfield><subfield code="0">(OCoLC)fst01423814</subfield></datafield><datafield ind1=" " ind2="7" tag="651"><subfield code="a">Oklahoma</subfield><subfield code="z">Sequoyah County.</subfield><subfield code="2">fast</subfield><subfield code="0">(OCoLC)fst01220317</subfield></datafield><datafield ind1=" " ind2="7" tag="651"><subfield code="a">Oklahoma</subfield><subfield code="z">Vian.</subfield><subfield code="2">fast</subfield><subfield code="0">(OCoLC)fst01871779</subfield></datafield><datafield ind1=" " ind2=" " tag="752"><subfield code="a">United States</subfield><subfield code="b">Oklahoma</subfield><subfield code="c">Sequoyah</subfield><subfield code="d">Vian.</subfield></datafield><datafield ind1="0" ind2="0" tag="785"><subfield code="t">East Oklahoma tribune</subfield><subfield code="w">(DLC)sn 94061299</subfield><subfield code="w">(OCoLC)31632537</subfield></datafield></record>